<record><leader>00000cas a22000007a 4500</leader><controlfield tag="001">24167756</controlfield><controlfield tag="008">910802d19161924nyuwr ne      0    0eng d</controlfield><datafield ind1=" " ind2=" " tag="010"><subfield code="a">sn 91066359 </subfield></datafield><datafield ind1=" " ind2=" " tag="040"><subfield code="a">NYS</subfield><subfield code="b">eng</subfield><subfield code="c">NYS</subfield><subfield code="d">OCLCQ</subfield></datafield><datafield ind1=" " ind2=" " tag="042"><subfield code="a">msc</subfield></datafield><datafield ind1="0" ind2=" " tag="130"><subfield code="a">Free press (Montour Falls, N.Y.)</subfield></datafield><datafield ind1="1" ind2="0" tag="245"><subfield code="a">Free press.</subfield></datafield><datafield ind1="1" ind2="7" tag="246"><subfield code="a">Montour Falls free press</subfield></datafield><datafield ind1=" " ind2=" " tag="260"><subfield code="a">Montour Falls, N.Y. :</subfield><subfield code="b">A.H. Stoddard</subfield></datafield><datafield ind1=" " ind2=" " tag="300"><subfield code="a">v. ;</subfield><subfield code="c">56-59 cm.</subfield></datafield><datafield ind1=" " ind2=" " tag="310"><subfield code="a">Weekly</subfield></datafield><datafield ind1="0" ind2=" " tag="362"><subfield code="a">27th year, no. 27 (Nov. 15, 1916)-34th year, no. 29 (Mar. 26, 1924) = whole no. 1508-6431.</subfield></datafield><datafield ind1=" " ind2="4" tag="651"><subfield code="a">Montour Falls (N.Y.)</subfield><subfield code="v">Newspapers.</subfield></datafield><datafield ind1=" " ind2=" " tag="752"><subfield code="a">United States</subfield><subfield code="b">New York</subfield><subfield code="c">Schuyler</subfield><subfield code="d">Montour Falls.</subfield></datafield><datafield ind1="0" ind2="0" tag="780"><subfield code="t">Montour Falls free press</subfield><subfield code="w">(DLC)sn 90066552</subfield></datafield><datafield ind1="1" ind2=" " tag="029"><subfield code="a">AU@</subfield><subfield code="b">000025907186</subfield></datafield></record>